<?xml version="1.0" encoding="utf-8"?>
<record xmlns="http://www.loc.gov/MARC21/slim" xmlns:xsi="http://www.w3.org/2001/XMLSchema-instance" xsi:schemaLocation="http://www.loc.gov/MARC21/slim http://www.loc.gov/standards/marcxml/schema/MARC21slim.xsd">
	<leader>     nam a22     Mi 4500</leader>
	<controlfield tag="001">3396</controlfield>
	<controlfield tag="003">aeadna</controlfield>
	<controlfield tag="006">m        d        </controlfield>
	<controlfield tag="007">cr cn |||m|||a</controlfield>
	<controlfield tag="008">210830m19481949ua     foa|  a001 0cara|u</controlfield>
	<datafield ind1=" " ind2=" " tag="040">
		<subfield code="a">ZYU</subfield>
		<subfield code="b">ara</subfield>
		<subfield code="c">ZYU</subfield>
	</datafield>
	<datafield ind1="0" ind2=" " tag="041">
		<subfield code="a">ara</subfield>
	</datafield>
	<datafield ind1=" " ind2=" " tag="043">
		<subfield code="a">a------</subfield>
	</datafield>
	<datafield ind1=" " ind2="4" tag="050">
		<subfield code="a">DS35.5</subfield>
		<subfield code="b">.I26</subfield>
	</datafield>
	<datafield ind1="1" ind2=" " tag="100">
		<subfield code="6">880-01</subfield>
		<subfield code="a">Ibn Khallikān,</subfield>
		<subfield code="d">1211-1282.</subfield>
	</datafield>
	<datafield ind1="0" ind2="0" tag="245">
		<subfield code="6">880-02</subfield>
		<subfield code="a">Wafayāt al-aʻyān wa-anbāʼ abnāʼ al-zamān</subfield>
		<subfield code="h">[electronic resource] /</subfield>
		<subfield code="c">li-Abī al-ʻAbbās Shams al-Dīn A.hmad ibn Mu.hammad ibn Abī Bakr ibn Khallikān ; .haqqaqahu wa-ʻallaqa .hawāshīhi, wa-.sanaʻa fahārisahu Mu.hammad Mu.hyī al-Dīn ʻAbd al-. Hamīd.</subfield>
	</datafield>
	<datafield ind1=" " ind2=" " tag="250">
		<subfield code="6">880-03</subfield>
		<subfield code="a">T.̣ 1.</subfield>
	</datafield>
	<datafield ind1=" " ind2=" " tag="260">
		<subfield code="6">880-04</subfield>
		<subfield code="a">al-Qāhirah :</subfield>
		<subfield code="b">Maktabat al-Nah.dah al-Mi.srīyah,</subfield>
		<subfield code="c">1948-1949 M.</subfield>
	</datafield>
	<datafield ind1=" " ind2=" " tag="300">
		<subfield code="6">880-05</subfield>
		<subfield code="a">online resource (6 v.)</subfield>
	</datafield>
	<datafield ind1=" " ind2=" " tag="500">
		<subfield code="a">Non-Latin script record</subfield>
	</datafield>
	<datafield ind1=" " ind2=" " tag="500">
		<subfield code="a">Part of the Arabic Collections Online (ACO) project, contributed by United Arab Emirates National Archives.</subfield>
	</datafield>
	<datafield ind1=" " ind2=" " tag="533">
		<subfield code="a">Electronic reproduction.</subfield>
		<subfield code="b">New York, N.Y. :</subfield>
		<subfield code="c">New York University,</subfield>
		<subfield code="d">2021.</subfield>
		<subfield code="5">NNU</subfield>
	</datafield>
	<datafield ind1=" " ind2="0" tag="650">
		<subfield code="6">880-06</subfield>
		<subfield code="a">Islam</subfield>
		<subfield code="v">Biography</subfield>
		<subfield code="v">Dictionaries.</subfield>
	</datafield>
	<datafield ind1=" " ind2="0" tag="650">
		<subfield code="6">880-07</subfield>
		<subfield code="a">Islam</subfield>
		<subfield code="x">History</subfield>
		<subfield code="v">Boigrahy.</subfield>
	</datafield>
	<datafield ind1=" " ind2="0" tag="650">
		<subfield code="6">880-08</subfield>
		<subfield code="a">Men</subfield>
		<subfield code="v">Biography.</subfield>
	</datafield>
	<datafield ind1="2" ind2=" " tag="700">
		<subfield code="6">880-09</subfield>
		<subfield code="a">ʻAbd al-.Hamīd, Mu.hammad Mu.hyī al-Dīn,</subfield>
		<subfield code="e">editor.</subfield>
	</datafield>
	<datafield ind1="2" ind2=" " tag="710">
		<subfield code="a">Abu Dhabi (United Arab Emirates).</subfield>
		<subfield code="b">National Archives.</subfield>
	</datafield>
	<datafield ind1="0" ind2=" " tag="730">
		<subfield code="a">Arabic Collections Online.</subfield>
	</datafield>
	<datafield ind1="0" ind2=" " tag="775">
		<subfield code="6">880-10</subfield>
		<subfield code="a">Ibn Khallikān,</subfield>
		<subfield code="d">1211-1282.</subfield>
		<subfield code="d">[D.M] [D.N], 1310 H. [1890]</subfield>
		<subfield code="t">Wafayāt al-aʻyān wa-anbāʼ abnāʼ al-zamān.</subfield>
	</datafield>
	<datafield ind1="0" ind2=" " tag="775">
		<subfield code="6">880-11</subfield>
		<subfield code="a">Ibn Khallikān,</subfield>
		<subfield code="d">1211-1282</subfield>
		<subfield code="b">Bayrūt : Dār Ṣādir, 1994 M.</subfield>
		<subfield code="t">Wafayāt al-aʻyān wa-anbāʼ abnāʼ al-zamān</subfield>
	</datafield>
	<datafield ind1="0" ind2="8" tag="776">
		<subfield code="i">Print version:</subfield>
		<subfield code="a">Ibn Khallikān, 1211-1282.</subfield>
		<subfield code="t">Wafayāt al-aʻyān wa-anbāʼ abnāʼ al-zamān</subfield>
		<subfield code="w">(aeadna)3396</subfield>
	</datafield>
	<datafield ind1="4" ind2="0" tag="856">
		<subfield code="u">http://hdl.handle.net/2333.1/k3j9kqps</subfield>
	</datafield>
	<datafield ind1="1" ind2=" " tag="880">
		<subfield code="6">100-01</subfield>
		<subfield code="a">ابن خلكان،</subfield>
		<subfield code="d">1211-1282</subfield>
	</datafield>
	<datafield ind1="1" ind2="0" tag="880">
		<subfield code="6">245-02</subfield>
		<subfield code="a">وفيات الأعيان وأنباء أبناء الزمان /</subfield>
		<subfield code="c">لأبي العباس شمس الدين أحمد بن محمد بن أبي بكر بن خلكان؛ حققه، وعلق حواشيه، وصنع فهارسه محمد محيي الدين عبد الحميد</subfield>
	</datafield>
	<datafield ind1=" " ind2=" " tag="880">
		<subfield code="6">250-03</subfield>
		<subfield code="a">ط.1</subfield>
	</datafield>
	<datafield ind1=" " ind2=" " tag="880">
		<subfield code="6">260-04</subfield>
		<subfield code="a">القاهرة :</subfield>
		<subfield code="b">مكتبة النهضة المصرية،</subfield>
		<subfield code="c">1948-1949م.</subfield>
	</datafield>
	<datafield ind1=" " ind2=" " tag="880">
		<subfield code="6">300-05</subfield>
		<subfield code="a">6 ج. ؛</subfield>
		<subfield code="c">24 سم.</subfield>
	</datafield>
	<datafield ind1=" " ind2=" " tag="880">
		<subfield code="6">500-00</subfield>
		<subfield code="a">في نهاية كل جزء فهرس.</subfield>
	</datafield>
	<datafield ind1=" " ind2=" " tag="880">
		<subfield code="6">500-00</subfield>
		<subfield code="a">ج2: دون رقم طبعة ودون سنة نشر ويعتقد ان سنة النشر هي1948. - ج5: ط.1، 1949. أما بقية الجزاء فهي تحمل ط.1، وسنة النشر 1948.</subfield>
	</datafield>
	<datafield ind1=" " ind2=" " tag="880">
		<subfield code="6">504-00</subfield>
		<subfield code="a">يتضمن ببليوجرافيات.</subfield>
	</datafield>
	<datafield ind1=" " ind2="4" tag="880">
		<subfield code="6">650-06</subfield>
		<subfield code="a">الإسلام</subfield>
		<subfield code="v">تراجم</subfield>
		<subfield code="v">معاجم</subfield>
	</datafield>
	<datafield ind1=" " ind2="4" tag="880">
		<subfield code="6">650-07</subfield>
		<subfield code="a">التاريخ الإسلامي</subfield>
		<subfield code="v">تراجم</subfield>
	</datafield>
	<datafield ind1=" " ind2="4" tag="880">
		<subfield code="6">650-08</subfield>
		<subfield code="a">الرجال</subfield>
		<subfield code="v">تراجم</subfield>
	</datafield>
	<datafield ind1="2" ind2=" " tag="880">
		<subfield code="6">700-09</subfield>
		<subfield code="a">عبد الحميد، محمد محيي الدين</subfield>
		<subfield code="e">محقق</subfield>
	</datafield>
	<datafield ind1="0" ind2=" " tag="880">
		<subfield code="6">775-10</subfield>
		<subfield code="a">ابن خلكان،</subfield>
		<subfield code="d">1211-1282</subfield>
		<subfield code="d">[د. م.] : [د. ن.] ، 1310 هـ.[1890]</subfield>
		<subfield code="f">le</subfield>
		<subfield code="t">وفيات الأعيان وأنباء أبناء الزمان.</subfield>
	</datafield>
	<datafield ind1="0" ind2=" " tag="880">
		<subfield code="6">775-11</subfield>
		<subfield code="a">ابن خلكان،</subfield>
		<subfield code="d">1211-1282</subfield>
		<subfield code="d">بيروت : دار صادر، 1994م.</subfield>
		<subfield code="f">le</subfield>
		<subfield code="t">وفيات الأعيان وأنباء أبناء الزمان.</subfield>
	</datafield>
	<datafield ind1=" " ind2=" " tag="880">
		<subfield code="6">949-00</subfield>
		<subfield code="a">920.7156 خ ف ن ] 1948</subfield>
		<subfield code="v">2</subfield>
		<subfield code="w">DDC</subfield>
		<subfield code="i">30018000014929</subfield>
		<subfield code="u">06/03/2003</subfield>
		<subfield code="d">04/27/2010</subfield>
		<subfield code="e">12/25/2006</subfield>
		<subfield code="n">1</subfield>
		<subfield code="t">Book</subfield>
		<subfield code="l">av</subfield>
		<subfield code="m">MAIN</subfield>
		<subfield code="j">0</subfield>
		<subfield code="x">RAR</subfield>
	</datafield>
	<datafield ind1=" " ind2=" " tag="880">
		<subfield code="6">949-00</subfield>
		<subfield code="a">920.7156 خ ف ن ] 1948</subfield>
		<subfield code="v">3</subfield>
		<subfield code="w">DDC</subfield>
		<subfield code="i">30018000014905</subfield>
		<subfield code="u">06/03/2003</subfield>
		<subfield code="d">04/27/2010</subfield>
		<subfield code="e">12/25/2006</subfield>
		<subfield code="n">1</subfield>
		<subfield code="t">Book</subfield>
		<subfield code="l">av</subfield>
		<subfield code="m">MAIN</subfield>
		<subfield code="j">0</subfield>
		<subfield code="x">RAR</subfield>
	</datafield>
	<datafield ind1=" " ind2=" " tag="880">
		<subfield code="6">949-00</subfield>
		<subfield code="a">920.7156 خ ف ن ] 1948</subfield>
		<subfield code="v">4</subfield>
		<subfield code="w">DDC</subfield>
		<subfield code="i">30018000014906</subfield>
		<subfield code="u">06/03/2003</subfield>
		<subfield code="d">04/27/2010</subfield>
		<subfield code="e">12/25/2006</subfield>
		<subfield code="n">1</subfield>
		<subfield code="t">Book</subfield>
		<subfield code="l">av</subfield>
		<subfield code="m">MAIN</subfield>
		<subfield code="j">0</subfield>
		<subfield code="x">RAR</subfield>
	</datafield>
	<datafield ind1=" " ind2=" " tag="880">
		<subfield code="6">949-00</subfield>
		<subfield code="a">920.7156 خ ف ن ] 1948</subfield>
		<subfield code="v">5</subfield>
		<subfield code="w">DDC</subfield>
		<subfield code="i">30018000014907</subfield>
		<subfield code="u">06/03/2003</subfield>
		<subfield code="d">04/27/2010</subfield>
		<subfield code="e">12/25/2006</subfield>
		<subfield code="n">1</subfield>
		<subfield code="t">Book</subfield>
		<subfield code="l">av</subfield>
		<subfield code="m">MAIN</subfield>
		<subfield code="j">0</subfield>
		<subfield code="x">RAR</subfield>
	</datafield>
	<datafield ind1=" " ind2=" " tag="880">
		<subfield code="6">949-00</subfield>
		<subfield code="a">920.7156 خ ف ن ] 1948</subfield>
		<subfield code="v">6</subfield>
		<subfield code="w">DDC</subfield>
		<subfield code="i">30018000014932</subfield>
		<subfield code="u">06/03/2003</subfield>
		<subfield code="d">04/27/2010</subfield>
		<subfield code="e">12/25/2006</subfield>
		<subfield code="n">1</subfield>
		<subfield code="t">Book</subfield>
		<subfield code="l">av</subfield>
		<subfield code="m">MAIN</subfield>
		<subfield code="j">0</subfield>
		<subfield code="x">RAR</subfield>
	</datafield>
	<datafield ind1=" " ind2=" " tag="880">
		<subfield code="6">949-00</subfield>
		<subfield code="a">920.7156 خ ف ن ] 1948</subfield>
		<subfield code="v">1</subfield>
		<subfield code="w">DDC</subfield>
		<subfield code="i">30018000014937</subfield>
		<subfield code="u">06/03/2003</subfield>
		<subfield code="d">04/27/2010</subfield>
		<subfield code="e">12/25/2006</subfield>
		<subfield code="n">1</subfield>
		<subfield code="t">Book</subfield>
		<subfield code="l">av</subfield>
		<subfield code="m">MAIN</subfield>
		<subfield code="j">0</subfield>
		<subfield code="x">RAR</subfield>
	</datafield>
	<datafield ind1=" " ind2=" " tag="880">
		<subfield code="6">949-00</subfield>
		<subfield code="a">920.7156 خ ف ن ] 1948</subfield>
		<subfield code="v">2</subfield>
		<subfield code="w">DDC</subfield>
		<subfield code="i">30018000014904</subfield>
		<subfield code="u">04/27/2010</subfield>
		<subfield code="d">04/27/2010</subfield>
		<subfield code="n">0</subfield>
		<subfield code="t">Book</subfield>
		<subfield code="l">av</subfield>
		<subfield code="m">MAIN</subfield>
		<subfield code="x">RAR</subfield>
	</datafield>
	<datafield ind1=" " ind2=" " tag="880">
		<subfield code="6">949-00</subfield>
		<subfield code="a">920.7156 خ ف ن ] 1948</subfield>
		<subfield code="v">3</subfield>
		<subfield code="w">DDC</subfield>
		<subfield code="i">30018000014931</subfield>
		<subfield code="u">04/27/2010</subfield>
		<subfield code="d">04/27/2010</subfield>
		<subfield code="n">0</subfield>
		<subfield code="t">Book</subfield>
		<subfield code="l">av</subfield>
		<subfield code="m">MAIN</subfield>
		<subfield code="x">RAR</subfield>
	</datafield>
	<datafield ind1=" " ind2=" " tag="880">
		<subfield code="6">949-00</subfield>
		<subfield code="a">920.7156 خ ف ن ] 1948</subfield>
		<subfield code="v">4</subfield>
		<subfield code="w">DDC</subfield>
		<subfield code="i">30018000014933</subfield>
		<subfield code="u">04/27/2010</subfield>
		<subfield code="d">04/27/2010</subfield>
		<subfield code="n">0</subfield>
		<subfield code="t">Book</subfield>
		<subfield code="l">av</subfield>
		<subfield code="m">MAIN</subfield>
		<subfield code="x">RAR</subfield>
	</datafield>
	<datafield ind1=" " ind2=" " tag="880">
		<subfield code="6">949-00</subfield>
		<subfield code="a">920.7156 خ ف ن ] 1948</subfield>
		<subfield code="v">5</subfield>
		<subfield code="w">DDC</subfield>
		<subfield code="i">30018000014935</subfield>
		<subfield code="u">04/27/2010</subfield>
		<subfield code="d">04/27/2010</subfield>
		<subfield code="n">0</subfield>
		<subfield code="t">Book</subfield>
		<subfield code="l">av</subfield>
		<subfield code="m">MAIN</subfield>
		<subfield code="x">RAR</subfield>
	</datafield>
	<datafield ind1=" " ind2=" " tag="880">
		<subfield code="6">949-00</subfield>
		<subfield code="a">920.7156 خ ف ن ] 1948</subfield>
		<subfield code="v">6</subfield>
		<subfield code="w">DDC</subfield>
		<subfield code="i">30018000014934</subfield>
		<subfield code="u">04/27/2010</subfield>
		<subfield code="d">04/27/2010</subfield>
		<subfield code="n">0</subfield>
		<subfield code="t">Book</subfield>
		<subfield code="l">av</subfield>
		<subfield code="m">MAIN</subfield>
		<subfield code="x">RAR</subfield>
	</datafield>
	<datafield ind1=" " ind2=" " tag="959">
		<subfield code="a">NNU</subfield>
		<subfield code="b">WEB</subfield>
		<subfield code="c">GENI</subfield>
		<subfield code="t">0</subfield>
		<subfield code="m">Electronic access</subfield>
		<subfield code="s">01</subfield>
	</datafield>
	<datafield ind1=" " ind2=" " tag="999">
		<subfield code="i">aeadna_3396</subfield>
		<subfield code="s">uaena_aco000031:1</subfield>
		<subfield code="s">uaena_aco000032:2</subfield>
		<subfield code="s">uaena_aco000025:3</subfield>
		<subfield code="s">uaena_aco000036:5</subfield>
		<subfield code="s">uaena_aco000034:6</subfield>
		<subfield code="e">(ERROR-880)</subfield>
		<subfield code="s">uaena_aco000031:1</subfield>
		<subfield code="s">uaena_aco000032:2</subfield>
		<subfield code="s">uaena_aco000025:3</subfield>
		<subfield code="s">uaena_aco000036:5</subfield>
		<subfield code="s">uaena_aco000034:6</subfield>
	</datafield>
</record>
